@misc{aevi,
	author       = {Asociación Española de Videojuegos}, 
	title        = {La industria del videojuego en España en 2021},
	howpublished = {\url{http://www.aevi.org.es/web/wp-content/uploads/2022/04/AEVI_Anuario_2022_OK.pdf}}
}

@misc{telegram,
	author       = {}, 
	title        = {Telegram},
	howpublished = {\url{https://telegram.org/}}
}

@misc{discord,
	author       = {}, 
	title        = {Discord},
	howpublished = {\url{https://discord.com/}}
}

@misc{canales_telegram,
	author       = {}, 
	title        = {Canales de Telegram},
	howpublished = {\url{https://telegram.org/tour/channels/es?ln=a}}
}

@misc{servidores_discord,
	author       = {}, 
	title        = {Servidores de Discord},
	howpublished = {\url{https://discord.com/servers}}
}
